@article{
	IEEEVOC,
	author = {IEEE},
	journal={ISO/IEC/IEEE 24765:2010(E)},
	title={Systems and software engineering -- Vocabulary},
	year={2010},
	month={Dec},
	pages={1-418},
	doi={10.1109/IEEESTD.2010.5733835}
}

@article{
	Boehm:1976:SE,
	author = {Boehm, B. W.},
	title = {Software Engineering},
	journal = {IEEE Trans. Comput.},
	issue_date = {December 1976},
	volume = {25},
	number = {12},
	month = dec,
	year = {1976},
	issn = {0018-9340},
	pages = {1226--1241},
	numpages = {16},
	url = {\url{http://dx.doi.org/10.1109/TC.1976.1674590}},
	note = {\url{http://dx.doi.org/10.1109/TC.1976.1674590}},
	doi = {10.1109/TC.1976.1674590},
	acmid = {1312684},
	publisher = {IEEE Computer Society},
	address = {Washington, DC, USA}
}

@inbook{
	McConnell,
	author = {Steve McConnell},
	title = {Professional Software Development: Shorter Schedules, Better Projects, Superior Products, Enhanced Careers},
	chapter = {Software Engineering, Not a Computer Science},
	year = {2004},
	publisher = {Addison-Wesley},
	address = {Boston},
	url = {\url{http://www.stevemcconnell.com/psd.htm}},
	note = {\url{http://www.stevemcconnell.com/psd.htm}}
}

@inproceedings{
	Wohlin, 
	author={Wohlin, C. and Regnell, B.}, 
	booktitle={Software Engineering Education and Training, 1999. Proceedings. 12th Conference on}, 
	title={Achieving industrial relevance in software engineering education}, 
	year={1999}, 
	month={Mar}, 
	pages={16-25},
	doi={10.1109/CSEE.1999.755175}, 
	ISSN={1093-0175}
}

@article{
	Kurkovsky,
	author = {Kurkovsky, Stan},
	title = {Four Roles of Instructor in Software Engineering Projects},
	journal = {SIGCSE Bull.},
	issue_date = {September 2008},
	volume = {40},
	number = {3},
	month = jun,
	year = {2008},
	issn = {0097-8418},
	pages = {354--354},
	numpages = {1},
	url = {\url{http://doi.acm.org/10.1145/1597849.1384396}},
	note = {\url{http://doi.acm.org/10.1145/1597849.1384396}},
	doi = {10.1145/1597849.1384396},
	acmid = {1384396},
	publisher = {ACM},
	address = {New York, NY, USA}
}

@misc{
	Glass,
	author = {Subhashini Srinivasan},
	title = {An early history of software engineering by Robert L. Glass},
	howpublished = {\url{http://www.cs.colorado.edu/~kena/classes/5828/s99/comments/srinivasan/01-29-1999.html}},
	url = {\url{http://www.cs.colorado.edu/~kena/classes/5828/s99/comments/srinivasan/01-29-1999.html}},
	year = {1999}
}

@techreport{
	Turing,
	author = {A.M. Turing},
	title = {Proposals for Development in the Mathematics Division of an Automatic Computing Engine (ACE)},
	year = {1945},
	institution = {National Physical Laboratory},
	address = {Teddington, UK},
	url = {\url{http://www.alanturing.net/turing_archive/archive/p/p01/P01-001.html}},
	note = {\url{http://www.alanturing.net/turing_archive/archive/p/p01/P01-001.html}}
}

@misc{
	CSWOMEN,
	author = {Wikipedia},
	title = {Women in computing},
	year = {2015},
	url = {\url{http://en.wikipedia.org/wiki/Women_in_computing}},
	note = {[Online; accessed 8-February-2015; \url{http://en.wikipedia.org/wiki/Women_in_computing}]}
}

@article{
	Miller,
	author = {Miller, George A.},
	journal = {The Psychological Review},
 	month = {March},
	number = 2,
 	pages = {81-97},
	title = {The Magical Number Seven, Plus or Minus Two: Some Limits on Our Capacity for Processing Information},
	url = {\url{http://www.musanim.com/miller1956/}},
	note = {\url{http://www.musanim.com/miller1956/}},
	volume = 63,
	year = 1956
}

@article{
	Dijkstra:1972:HP,
	author = {Dijkstra, Edsger W.},
	title = {The Humble Programmer},
	journal = {Commun. ACM},
	issue_date = {Oct. 1972},
	volume = {15},
	number = {10},
	month = oct,
	year = {1972},
	issn = {0001-0782},
	pages = {859--866},
	numpages = {8},
	url = {\url{http://doi.acm.org/10.1145/355604.361591}},
	note = {\url{http://doi.acm.org/10.1145/355604.361591}},
	doi = {10.1145/355604.361591},
	acmid = {361591},
	publisher = {ACM},
	address = {New York, NY, USA},
}

@misc{
	HLPL,
	author = {Wikipedia},
	title = {High-level programming language},
	year = {2015},
	url = {\url{https://en.wikipedia.org/wiki/High-level_programming_language}},
	note = {[Online; accessed 8-February-2015; \url{https://en.wikipedia.org/wiki/High-level_programming_language}]}
}

@misc{
	IBM360,
	author = {Wikipedia},
	title = {IBM System/360},
	year = {2015},
	url = {\url{https://en.wikipedia.org/wiki/IBM_System/360}},
	note = {[Online; accessed 8-February-2015; \url{https://en.wikipedia.org/wiki/IBM_System/360}]}
}

@misc{
	CRISIS,
	author = {Wikipedia},
	title = {Software crisis},
	year = {2015},
	url = {\url{http://en.wikipedia.org/wiki/Software_crisis}},
	note = {[Online; accessed 8-February-2015; \url{http://en.wikipedia.org/wiki/Software_crisis}]}
}

@inproceedings{
	Grier,
	author = {David Alan Grier},
	title = {Software Engineering: History.},
	booktitle = {Encyclopedia of Software Engineering},
	year = {2010},
	pages = {1119-1126},
	note = {\url{http://www.tandfencys.com/ese/Entry.pdf}}
}

@misc{
	SPT,
	author = {Wikipedia},
	title = {Structured program theorem},
	year = {2015},
	url = {\url{https://en.wikipedia.org/wiki/Structured_program_theorem}},
	note = {[Online; accessed 8-February-2015; \url{https://en.wikipedia.org/wiki/Structured_program_theorem}]}
}

@incollection{
	Dijkstra:1972:CIN,
	author = {Dijkstra, Edsger W.},
	chapter = {Chapter I: Notes on Structured Programming},
	booktitle = {Structured Programming},
	title = {Notes on Structured Programming},
	editor = {Dahl, O. J. and Dijkstra, E. W. and Hoare, C. A. R.},
	year = {1972},
	isbn = {0-12-200550-3},
	pages = {1--82},
	numpages = {82},
	url = {\url{http://www.cs.utexas.edu/users/EWD/ewd02xx/EWD249.PDF}},
	note = {\url{http://www.cs.utexas.edu/users/EWD/ewd02xx/EWD249.PDF}},
	acmid = {1243381},
	publisher = {Academic Press Ltd.},
	address = {London, UK, UK},
}

@article{
	Hoare:1969:ABC,
	author = {Hoare, C. A. R.},
	title = {An Axiomatic Basis for Computer Programming},
	journal = {Commun. ACM},
	issue_date = {Oct. 1969},
	volume = {12},
	number = {10},
	month = oct,
	year = {1969},
	issn = {0001-0782},
	pages = {576--580},
	numpages = {5},
	url = {\url{http://www.spatial.maine.edu/~worboys/processes/hoare%20axiomatic.pdf}},
	note = {\url{http://www.spatial.maine.edu/~worboys/processes/hoare%20axiomatic.pdf}},
	doi = {10.1145/363235.363259},
	acmid = {363259},
	publisher = {ACM},
	address = {New York, NY, USA}
}

@book{
	Shen,
	author = {A. Shen},
	title = {Математическая индукция},
	publisher = {МЦНМО},
	year = {2007},
	address = {Москва},
	note = {\url{http://www.mccme.ru/free-books/shen/shen-induction.pdf}}
}

@article{
	Bussey:1917:IND,
	author = {Bussey W. H.},
	title = {The Origin of Mathematical Induction},
	journal = {The American Mathematicl Monthly},
	issue_date = {May. 1917},
	volume = {24},
	number = {5},
	month = may,
	year = {1917},
	pages = {199--207},
	url = {\url{http://www.jstor.org/stable/pdfplus/2974308.pdf}},
	note = {\url{http://www.jstor.org/stable/pdfplus/2974308.pdf}},
	publisher = {Mathematical Assotiation of America}
}

@inproceedings{
	Alford:1976:REM,
	author = {Alford, Mack},
	title = {A Requirements Engineering Methodology for Real-time Processing Requirements},
	booktitle = {Proceedings of the 2Nd International Conference on Software Engineering},
	series = {ICSE '76},
	year = {1976},
	location = {San Francisco, California, USA},
	pages = {69--},
	url = {\url{http://dl.acm.org/citation.cfm?id=800253.807651}},
	note = {\url{http://dl.acm.org/citation.cfm?id=800253.807651}},
	acmid = {807651},
	publisher = {IEEE Computer Society Press},
	address = {Los Alamitos, CA, USA}
}

@article{
	Ross:1977:SA, 
	author={Ross, D.T. and Schoman, K.E., Jr.}, 
	journal={Software Engineering, IEEE Transactions on}, 
	title={Structured Analysis for Requirements Definition}, 
	year={1977}, 
	month={Jan}, 
	volume={SE-3}, 
	number={1}, 
	pages={6-15},
	doi={10.1109/TSE.1977.229899}, 
	ISSN={0098-5589}
}

@article{
	Ritchie:1974:UTS,
	author = {Ritchie, Dennis M. and Thompson, Ken},
	title = {The UNIX Time-sharing System},
	journal = {Commun. ACM},
	issue_date = {July 1974},
	volume = {17},
	number = {7},
	month = jul,
	year = {1974},
	issn = {0001-0782},
	pages = {365--375},
	numpages = {11},
	url = {\url{http://doi.acm.org/10.1145/361011.361061}},
	note = {\url{http://doi.acm.org/10.1145/361011.361061}},
	doi = {10.1145/361011.361061},
	acmid = {361061},
	publisher = {ACM},
	address = {New York, NY, USA}
}

@article{
	McIlroy:1978:UTS, 
	author={McIlroy, M.D. and Pinson, E.N. and Tague, B.A.}, 
	journal={Bell System Technical Journal, The}, 
	title={UNIX time-sharing system: Foreword},
	url = {\url{http://netbsd.ovh/web/bell/bstj57-6-1899.pdf}},
	note = {\url{http://netbsd.ovh/web/bell/bstj57-6-1899.pdf}},
	year={1978}, 
	month={July}, 
	volume={57}, 
	number={6}, 
	pages={1899-1904}, 
	doi={10.1002/j.1538-7305.1978.tb02135.x}, 
	ISSN={0005-8580}
}

@misc{
	HP9800,
	author = {Wikipedia},
	title = {HP 9800 Series},
	year = {2015},
	url = {\url{http://en.wikipedia.org/wiki/HP_9800_series}},
	note = {[Online; accessed 8-February-2015; \url{http://en.wikipedia.org/wiki/HP_9800_series}]}
}

@misc{
	PCHIST,
	author = {Wikipedia},
	title = {History of personal computers},
	year = {2015},
	url = {\url{http://en.wikipedia.org/wiki/History_of_personal_computers}},
	note = {[Online; accessed 8-February-2015; \url{http://en.wikipedia.org/wiki/History_of_personal_computers}]}
}

@book{
	Gamma:1995:DPE,
	author = {Gamma, Erich and Helm, Richard and Johnson, Ralph and Vlissides, John},
	title = {Design Patterns: Elements of Reusable Object-oriented Software},
	year = {1995},
	isbn = {0-201-63361-2},
	publisher = {Addison-Wesley Longman Publishing Co., Inc.},
	address = {Boston, MA, USA},
} 

@misc{
	SDP,
	author = {Wikipedia},
	title = {Software design pattern},
	year = {2015},
	url = {\url{https://en.wikipedia.org/wiki/Software_design_pattern}},
	note = {[Online; accessed 8-February-2015; \url{https://en.wikipedia.org/wiki/Software_design_pattern}]}
}

@misc{
	SOLID,
	author = {Wikipedia},
	title = {SOLID (object-oriented design)},
	year = {2015},
	url = {\url{https://en.wikipedia.org/wiki/SOLID_(object-oriented_design)}},
	note = {[Online; accessed 8-February-2015; \url{https://en.wikipedia.org/wiki/SOLID_(object-oriented_design)}]}
}

@inproceedings{
	Royce:1987:MDL,
 	author = {Royce, W. W.},
	title = {Managing the Development of Large Software Systems: Concepts and Techniques},
	booktitle = {Proceedings of the 9th International Conference on Software Engineering},
	series = {ICSE '87},
	year = {1987},
	isbn = {0-89791-216-0},
	location = {Monterey, California, USA},
	pages = {328--338},
	numpages = {11},
	url = {\url{http://dl.acm.org/citation.cfm?id=41765.41801}},
	note = {\url{http://dl.acm.org/citation.cfm?id=41765.41801}},
	acmid = {41801},
	publisher = {IEEE Computer Society Press},
	address = {Los Alamitos, CA, USA},
}

@inproceedings{
	Royce:1970:MDL,
 	author = {Royce, W. W.},
	title = {Managing the Development of Large Software Systems},
	booktitle = {Proceedings of the 9th International Conference on Software Engineering},
	series = {ICSE '87},
	year = {1987},
	isbn = {0-89791-216-0},
	location = {Monterey, California, USA},
	pages = {328--338},
	numpages = {11},
	url = {\url{http://dl.acm.org/citation.cfm?id=41765.41801}},
	note = {\url{http://dl.acm.org/citation.cfm?id=41765.41801}},
	acmid = {41801},
	publisher = {IEEE Computer Society Press},
	address = {Los Alamitos, CA, USA},
}

@article{
	Boehm:1988:SMSD, 
	author={Boehm, B. W.}, 
	journal={Computer}, 
	title={A spiral model of software development and enhancement}, 
	year={1988}, 
	month={May}, 
	volume={21}, 
	number={5}, 
	pages={61-72},
	doi={10.1109/2.59},
	ISSN={0018-9162}
}

@misc{
	Agile,
 	author = {Beck, Kent and Beedle, Mike and van Bennekum, Arie and Cockburn, Alistair and Cunningham, Ward and Fowler, Martin and Grenning, James and Highsmith, Jim and Hunt, Andrew and Jeffries, Ron and Kern, Jon and Marick, Brian and Martin, Robert C. and Mellor, Steve and Schwaber, Ken and Sutherland, Jeff and Thomas, Dave},
 	booktitle = {Manifesto for Agile Software Development},
	description = {Manifesto for Agile Software Development},
 	title = {Manifesto for Agile Software Development},
	url = {\url{http://www.agilemanifesto.org/}},
	note = {\url{http://www.agilemanifesto.org/}},
 	year = 2001
}

@misc{
	Roy:TPPP,
	author = {Peter Van Roy},
	title = {The principal programming paradigms},
	description = {The principal programming paradigms},
	howpublished = {\url{http://www.info.ucl.ac.be/~pvr/paradigms.html}}
}

@misc{
	PARADIGMS,
	author = {Wikipedia},
	title = {Programming paradigm},
	year = {2015},
	url = {\url{http://en.wikipedia.org/wiki/Programming_paradigm}},
	note = {[Online; accessed 8-February-2015; \url{http://en.wikipedia.org/wiki/Programming_paradigm}]}
}

@misc{
	Lee:VONNEUMANN,
	author = {J.A.N. Lee},
	title = {John Louis von Neumann},
	year = {2002},
	url = {\url{http://ei.cs.vt.edu/~history/VonNeumann.html}},
	note = {[Online; accessed 10-February-2015; \url{http://ei.cs.vt.edu/~history/VonNeumann.html}]}
}

@misc{
	Kowalik:TURING,
	author = {John Kowalik},
	title = {Alan Turing},
	year = {1995},
	url = {\url{http://ei.cs.vt.edu/~history/Turing.html}},
	note = {[Online; accessed 10-February-2015; \url{http://ei.cs.vt.edu/~history/Turing.html}]}
}

@article{
	Wang:2000:CSE,
	year = {2000},
	issn = {1022-7091},
	journal = {Annals of Software Engineering},
	volume = {10},
	number = {1-4},
	doi = {10.1023/A:1018931531464},
	title = {Editors' introduction: Comparative software engineering: Review and perspectives},
	url = {\url{http://dx.doi.org/10.1023/A%3A1018931531464}},
	publisher = {Kluwer Academic Publishers},
	author = {Wang, Yingxu and Patel, Dilip},
	pages = {1-10},
	language = {English}
}

@incollection{
	Jackson:2008:ASE,
	year={2008},
	isbn={978-3-540-89761-3},
	booktitle={Advances in Software Engineering},
	volume={5316},
	series={Lecture Notes in Computer Science},
	editor={Börger, Egon and Cisternino, Antonio},
	doi={10.1007/978-3-540-89762-0_1},
	title={The Name and Nature of Software Engineering},
	url={\url{http://dx.doi.org/10.1007/978-3-540-89762-0_1}},
	publisher={Springer Berlin Heidelberg},
	author={Jackson, Michael},
	pages={1-38},
	language={English}
}

@incollection{
	Jackson:2011:FSE,
	year={2011},
	isbn={978-3-642-15186-6},
	booktitle={The Future of Software Engineering},
	editor={Nanz, Sebastian},
	doi={10.1007/978-3-642-15187-3_6},
	title={Engineering and Software Engineering},
	url={http://dx.doi.org/10.1007/978-3-642-15187-3_6},
	publisher={Springer Berlin Heidelberg},
	author={Jackson, Michael},
	pages={100-114},
	language={English}
}

@article{
	Floyd:1979:PP,
	author = {Floyd, Robert W.},
	title = {The Paradigms of Programming},
	journal = {Commun. ACM},
	issue_date = {Aug. 1979},
	volume = {22},
	number = {8},
	month = aug,
	year = {1979},
	issn = {0001-0782},
	pages = {455--460},
	numpages = {6},
	url = {\url{http://doi.acm.org/10.1145/359138.359140}},
	doi = {10.1145/359138.359140},
	acmid = {359140},
	publisher = {ACM},
	address = {New York, NY, USA}
}

@article{
	Aguila:2014:MSE,
	title={Milestones in Software Engineering and Knowledge Engineering History: A Comparative Review},
 	author={del {\'A}guila, Isabel M. and Palma, Jose and Tunez, Samuel},
	journal={The Scientific World Journal},
	volume={2014},
	number={ID 692510},
	pages={10},
	year={2014},
	publisher={hindawi},
	url = {\url{http://www.hindawi.com/journals/tswj/2014/692510/}},
	note = {\url{http://www.hindawi.com/journals/tswj/2014/692510/}}
}

@misc{
	Randall:2006:ENIAC,
	title = {Q\&A: A lost interview with ENIAC co-invertor J. Presper Eckert},
	author = {Randall, Alexandr},
	year = {2006},
	url = {\url{http://www.computerworld.com/article/2561813/computer-hardware/q-a--a-lost-interview-with-eniac-co-inventor-j--presper-eckert.html}},
	note = {[Online; accessed 8-February-2015; \url{http://www.computerworld.com/article/2561813/computer-hardware/q-a--a-lost-interview-with-eniac-co-inventor-j--presper-eckert.html}]}
}

@article{
	Wirth:2008:HIST, 
	author={Wirth, N.}, 
	journal={Annals of the History of Computing, IEEE}, 
	title={A Brief History of Software Engineering}, 
	year={2008}, 
	month={July}, 
	volume={30}, 
	number={3}, 
	pages={32-39}, 
	doi={10.1109/MAHC.2008.33}, 
	ISSN={1058-6180}
}

@misc{
	Mitchell:2006:CND,
	author = {Robert L. Mitchell},
	title = {Cobol: Not Dead Yet},
	year = {2006},
	url = {\url{http://www.computerworld.com/article/2554103/app-development/cobol--not-dead-yet.html}},
	note = {\url{http://www.computerworld.com/article/2554103/app-development/cobol--not-dead-yet.html}},
	journal = {computerworld.com}
}

@article{
	Dijkstra:1968:LEG,
	author = {Dijkstra, Edsger W.},
	title = {Letters to the Editor: Go to Statement Considered Harmful},
	journal = {Commun. ACM},
	issue_date = {March 1968},
	volume = {11},
	number = {3},
	month = mar,
	year = {1968},
	issn = {0001-0782},
	pages = {147--148},
	numpages = {2},
	url = {\url{http://doi.acm.org/10.1145/362929.362947}},
	note = {\url{http://www.u.arizona.edu/~rubinson/copyright_violations/Go_To_Considered_Harmful.html}},
	doi = {10.1145/362929.362947},
	acmid = {362947},
	publisher = {ACM},
	address = {New York, NY, USA}
}

@article{
	Knuth:1974:SPG,
	author = {Knuth, Donald E.},
	title = {Structured Programming with Go to Statements},
	journal = {ACM Comput. Surv.},
	issue_date = {Dec. 1974},
	volume = {6},
	number = {4},
	month = dec,
	year = {1974},
	issn = {0360-0300},
	pages = {261--301},
	numpages = {41},
	url = {\url{http://doi.acm.org/10.1145/356635.356640}},
	doi = {10.1145/356635.356640},
	acmid = {356640},
	publisher = {ACM},
	address = {New York, NY, USA}
}

@article{
	Wirth:1971:PDS,
	author = {Wirth, Niklaus},
	title = {Program Development by Stepwise Refinement},
	journal = {Commun. ACM},
	issue_date = {April 1971},
	volume = {14},
	number = {4},
	month = apr,
	year = {1971},
	issn = {0001-0782},
	pages = {221--227},
	numpages = {7},
	url = {\url{http://doi.acm.org/10.1145/362575.362577}},
	note = {\url{http://sunnyday.mit.edu/16.355/wirth-refinement.html}},
	doi = {10.1145/362575.362577},
	acmid = {362577},
	publisher = {ACM},
	address = {New York, NY, USA}
}

@incollection{
	Aron:1979:SP,
	author = {Aron, J. D.},
	chapter = {The "Super-programmer Project"},
	title = {Classics in Software Engineering},
	editor = {Yourdon, Edward Nash},
	year = {1979},
	isbn = {0-917072-14-6},
	pages = {35--39},
	numpages = {5},
	url = {\url{http://dl.acm.org/citation.cfm?id=1241515.1241519}},
	acmid = {1241519},
	publisher = {Yourdon Press},
	address = {Upper Saddle River, NJ, USA}
}

@article{
	Zhivich:2009:RCSE, 
	author={Zhivich, M. and Cunningham, R.K.}, 
	journal={Security Privacy, IEEE}, 
	title={The Real Cost of Software Errors}, 
	note = {\url{http://dspace.mit.edu/handle/1721.1/74607}},
	year={2009}, 
	month={March}, 
	volume={7}, 
	number={2}, 
	pages={87-90},
	doi={10.1109/MSP.2009.56}, 
	ISSN={1540-7993}
}

@book{
	Myers:1979:AST,
	author = {Myers, Glenford J.},
	title = {Art of Software Testing},
	year = {1979},
	isbn = {0471043281},
	publisher = {John Wiley \& Sons, Inc.},
	address = {New York, NY, USA}
}

@inproceedings{
	McCabe:1976:CM,
	author = {McCabe, Thomas J.},
	title = {A Complexity Measure},
	booktitle = {Proceedings of the 2Nd International Conference on Software Engineering},
	series = {ICSE '76},
	year = {1976},
	location = {San Francisco, California, USA},
	pages = {407--},
	url = {\url{http://dl.acm.org/citation.cfm?id=800253.807712}},
	note = {\url{http://www.literateprogramming.com/mccabe.pdf}},
	acmid = {807712},
	publisher = {IEEE Computer Society Press},
	address = {Los Alamitos, CA, USA}
}

@book{
	Halstead:1977:ESS,
	author = {Halstead, Maurice H.},
	title = {Elements of Software Science (Operating and Programming Systems Series)},
	year = {1977},
	isbn = {0444002057},
	publisher = {Elsevier Science Inc.},
	address = {New York, NY, USA}
}

@incollection{
	Kay:1996:EHS,
	author = {Kay, Alan C.},
	chapter = {The Early History of Smalltalk},
	title = {History of Programming languages---II},
	editor = {Bergin,Jr., Thomas J. and Gibson,Jr., Richard G.},
	year = {1996},
	isbn = {0-201-89502-1},
	pages = {511--598},
	numpages = {88},
	url = {\url{http://doi.acm.org/10.1145/234286.1057828}},
	note = {\url{http://gagne.homedns.org/~tgagne/contrib/EarlyHistoryST.html}},
	doi = {10.1145/234286.1057828},
	acmid = {1057828},
	publisher = {ACM},
	address = {New York, NY, USA}
}

@article{
	Brooks:1987:NSB,
	author = {Brooks,Jr., Frederick P.},
	title = {No Silver Bullet -- Essence and Accidents of Software Engineering},
	journal = {Computer},
	issue_date = {April 1987},
	volume = {20},
	number = {4},
	month = apr,
	year = {1987},
	issn = {0018-9162},
	pages = {10--19},
	numpages = {10},
	url = {\url{http://dx.doi.org/10.1109/MC.1987.1663532}},
	note = {\url{http://worrydream.com/refs/Brooks-NoSilverBullet.pdf}},
	doi = {10.1109/MC.1987.1663532},
	acmid = {26441},
	publisher = {IEEE Computer Society Press},
	address = {Los Alamitos, CA, USA}
}

@article{
	Gilb:1985:EDV,
	author = {Gilb, Tom},
	title = {Evolutionary Delivery Versus the "Waterfall Model"},
	journal = {SIGSOFT Softw. Eng. Notes},
	issue_date = {July 1985},
	volume = {10},
	number = {3},
	month = jul,
	year = {1985},
	issn = {0163-5948},
	pages = {49--61},
	numpages = {13},
	url = {\url{http://doi.acm.org/10.1145/1012483.1012490}},
	doi = {10.1145/1012483.1012490},
	acmid = {1012490},
	publisher = {ACM},
	address = {New York, NY, USA},
}

@article{
	Backus:1978:PLV,
	author = {Backus, John},
	title = {Can Programming Be Liberated from the Von Neumann Style?: A Functional Style and Its Algebra of Programs},
	journal = {Commun. ACM},
	issue_date = {Aug. 1978},
	volume = {21},
	number = {8},
	month = aug,
	year = {1978},
	issn = {0001-0782},
	pages = {613--641},
	numpages = {29},
	url = {\url{http://doi.acm.org/10.1145/359576.359579}},
	note = {\url{http://web.stanford.edu/class/cs242/readings/backus.pdf}},
	doi = {10.1145/359576.359579},
	acmid = {359579},
	publisher = {ACM},
	address = {New York, NY, USA}
}
